%YAML 1.1
%TAG !u! tag:unity3d.com,2011:
--- !u!243 &-8541821565790596254
AudioMixerGroupController:
  m_ObjectHideFlags: 0
  m_CorrespondingSourceObject: {fileID: 0}
  m_PrefabInstance: {fileID: 0}
  m_PrefabAsset: {fileID: 0}
  m_Name: Voices
  m_AudioMixer: {fileID: 24100000}
  m_GroupID: 9a128d357d7ea764292782f32a57872c
  m_Children: []
  m_Volume: 318ca6cbb9d90a94397c8256d35cd2c7
  m_Pitch: a433f9ebae6a4f549a5c44c4fa428017
  m_Send: 00000000000000000000000000000000
  m_Effects:
  - {fileID: -8065878944260467996}
  m_UserColorIndex: 0
  m_Mute: 0
  m_Solo: 0
  m_BypassEffects: 0
--- !u!244 &-8065878944260467996
AudioMixerEffectController:
  m_ObjectHideFlags: 3
  m_CorrespondingSourceObject: {fileID: 0}
  m_PrefabInstance: {fileID: 0}
  m_PrefabAsset: {fileID: 0}
  m_Name: 
  m_EffectID: 8e8e85a150c9b2e4db11b87c4d190450
  m_EffectName: Attenuation
  m_MixLevel: 0e63456d3d6d2e2438b50ce63af1a0dd
  m_Parameters: []
  m_SendTarget: {fileID: 0}
  m_EnableWetMix: 0
  m_Bypass: 0
--- !u!243 &-6573792584217572699
AudioMixerGroupController:
  m_ObjectHideFlags: 0
  m_CorrespondingSourceObject: {fileID: 0}
  m_PrefabInstance: {fileID: 0}
  m_PrefabAsset: {fileID: 0}
  m_Name: AnimationFX
  m_AudioMixer: {fileID: 24100000}
  m_GroupID: 1393748fa18695b40b13dc2cedca515a
  m_Children: []
  m_Volume: 577a096aa186db3499e598d29ca6ece1
  m_Pitch: 384564b886711ed47813e97db5a5acc9
  m_Send: 00000000000000000000000000000000
  m_Effects:
  - {fileID: -6534371332509193410}
  m_UserColorIndex: 0
  m_Mute: 0
  m_Solo: 0
  m_BypassEffects: 0
--- !u!244 &-6534371332509193410
AudioMixerEffectController:
  m_ObjectHideFlags: 3
  m_CorrespondingSourceObject: {fileID: 0}
  m_PrefabInstance: {fileID: 0}
  m_PrefabAsset: {fileID: 0}
  m_Name: 
  m_EffectID: 96aa6c5e2d3cad240bb1f3c12b63dfee
  m_EffectName: Attenuation
  m_MixLevel: 6dcfadab7c3d1b44f9bcc3e73aaf4531
  m_Parameters: []
  m_SendTarget: {fileID: 0}
  m_EnableWetMix: 0
  m_Bypass: 0
--- !u!244 &-83540904735417220
AudioMixerEffectController:
  m_ObjectHideFlags: 3
  m_CorrespondingSourceObject: {fileID: 0}
  m_PrefabInstance: {fileID: 0}
  m_PrefabAsset: {fileID: 0}
  m_Name: 
  m_EffectID: bdac4d480b386784caececa0828faa60
  m_EffectName: Attenuation
  m_MixLevel: a9929a6065b968548a124da089b5ac47
  m_Parameters: []
  m_SendTarget: {fileID: 0}
  m_EnableWetMix: 0
  m_Bypass: 0
--- !u!241 &24100000
AudioMixerController:
  m_ObjectHideFlags: 0
  m_CorrespondingSourceObject: {fileID: 0}
  m_PrefabInstance: {fileID: 0}
  m_PrefabAsset: {fileID: 0}
  m_Name: SoundFX
  m_OutputGroup: {fileID: 0}
  m_MasterGroup: {fileID: 24300002}
  m_Snapshots:
  - {fileID: 24500006}
  m_StartSnapshot: {fileID: 24500006}
  m_SuspendThreshold: -80
  m_EnableSuspend: 1
  m_UpdateMode: 0
  m_ExposedParameters: []
  m_AudioMixerGroupViews:
  - guids:
    - 328e0e5eba759df409ac0e8e4f06d218
    - 6b342a824db56814592d4ce65c6dcb22
    - 63881e3158b7f2b44911c6d824358094
    - 1393748fa18695b40b13dc2cedca515a
    - 9a128d357d7ea764292782f32a57872c
    name: View
  m_CurrentViewIndex: 0
  m_TargetSnapshot: {fileID: 24500006}
--- !u!243 &24300002
AudioMixerGroupController:
  m_ObjectHideFlags: 0
  m_CorrespondingSourceObject: {fileID: 0}
  m_PrefabInstance: {fileID: 0}
  m_PrefabAsset: {fileID: 0}
  m_Name: Master
  m_AudioMixer: {fileID: 24100000}
  m_GroupID: 328e0e5eba759df409ac0e8e4f06d218
  m_Children:
  - {fileID: 2327099648613857989}
  - {fileID: 503086411626430119}
  - {fileID: -6573792584217572699}
  - {fileID: -8541821565790596254}
  m_Volume: ccd0a83ce32083243b78d189c32273f8
  m_Pitch: 3e7b1b8f22dd99f499fc86e2246a81b3
  m_Send: 00000000000000000000000000000000
  m_Effects:
  - {fileID: 24400004}
  m_UserColorIndex: 0
  m_Mute: 0
  m_Solo: 0
  m_BypassEffects: 0
--- !u!244 &24400004
AudioMixerEffectController:
  m_ObjectHideFlags: 3
  m_CorrespondingSourceObject: {fileID: 0}
  m_PrefabInstance: {fileID: 0}
  m_PrefabAsset: {fileID: 0}
  m_Name: 
  m_EffectID: 06ec62ed399c15a43b3f55cbe32c6150
  m_EffectName: Attenuation
  m_MixLevel: 73f39ffb6a8d4d24fb10b192564de116
  m_Parameters: []
  m_SendTarget: {fileID: 0}
  m_EnableWetMix: 0
  m_Bypass: 0
--- !u!245 &24500006
AudioMixerSnapshotController:
  m_ObjectHideFlags: 0
  m_CorrespondingSourceObject: {fileID: 0}
  m_PrefabInstance: {fileID: 0}
  m_PrefabAsset: {fileID: 0}
  m_Name: Snapshot
  m_AudioMixer: {fileID: 24100000}
  m_SnapshotID: 92449210fa341a941bb472210cdde73b
  m_FloatValues:
    577a096aa186db3499e598d29ca6ece1: 0.13552496
  m_TransitionOverrides: {}
--- !u!243 &503086411626430119
AudioMixerGroupController:
  m_ObjectHideFlags: 0
  m_CorrespondingSourceObject: {fileID: 0}
  m_PrefabInstance: {fileID: 0}
  m_PrefabAsset: {fileID: 0}
  m_Name: BckgroundMusic
  m_AudioMixer: {fileID: 24100000}
  m_GroupID: 6b342a824db56814592d4ce65c6dcb22
  m_Children: []
  m_Volume: b13d0c526a8adf540be979336ef45f27
  m_Pitch: 0202ceba942a992449341e34d23af719
  m_Send: 00000000000000000000000000000000
  m_Effects:
  - {fileID: 4844556567236278042}
  m_UserColorIndex: 0
  m_Mute: 0
  m_Solo: 0
  m_BypassEffects: 0
--- !u!243 &2327099648613857989
AudioMixerGroupController:
  m_ObjectHideFlags: 0
  m_CorrespondingSourceObject: {fileID: 0}
  m_PrefabInstance: {fileID: 0}
  m_PrefabAsset: {fileID: 0}
  m_Name: UIFX
  m_AudioMixer: {fileID: 24100000}
  m_GroupID: 63881e3158b7f2b44911c6d824358094
  m_Children: []
  m_Volume: 2a361585422270443ac429d755eca95e
  m_Pitch: 3be6e8ab66ae62f4e84d53f3844d1460
  m_Send: 00000000000000000000000000000000
  m_Effects:
  - {fileID: -83540904735417220}
  m_UserColorIndex: 0
  m_Mute: 0
  m_Solo: 0
  m_BypassEffects: 0
--- !u!244 &4844556567236278042
AudioMixerEffectController:
  m_ObjectHideFlags: 3
  m_CorrespondingSourceObject: {fileID: 0}
  m_PrefabInstance: {fileID: 0}
  m_PrefabAsset: {fileID: 0}
  m_Name: 
  m_EffectID: a9e50b26dccc9cf409a318ba8d016ee8
  m_EffectName: Attenuation
  m_MixLevel: 3f2b7acb2655e1d49858faee44f727e8
  m_Parameters: []
  m_SendTarget: {fileID: 0}
  m_EnableWetMix: 0
  m_Bypass: 0
